@article{strahan2015once,
  title={Once burned, twice shy: Money market fund responses to a systemic liquidity shock},
  author={Strahan, Philip E and Tanyeri, Ba{\c{s}}ak},
  journal={Journal of Financial and Quantitative Analysis},
  pages={119--144},
  year={2015},
  publisher={JSTOR}
}

@article{french2010squam,
  title={The Squam Lake report: fixing the financial system},
  author={French, Kenneth and Baily, Martin and Campbell, John and Cochrane, John and Diamond, Douglas and Duffie, Darrell and Kashyap, Anil and Mishkin, Frederic and Rajan, Raghuram and Scharfstein, David and others},
  journal={Journal of Applied Corporate Finance},
  volume={22},
  number={3},
  pages={8--21},
  year={2010},
  publisher={Wiley Online Library}
}

@article{baghai2020liability,
  title={Liability structure and risk-taking: Evidence from the money market fund industry},
  author={Baghai, Ramin and Giannetti, Mariassunta and J{\"a}ger, Ivika},
  journal={Swedish House of Finance Research Paper},
  number={18-1},
  year={2020}
}

@article{gallagher2020investor,
  title={Investor information acquisition and money market fund risk rebalancing during the 2011--2012 eurozone crisis},
  author={Gallagher, Emily A and Schmidt, Lawrence DW and Timmermann, Allan and Wermers, Russ},
  journal={The Review of Financial Studies},
  volume={33},
  number={4},
  pages={1445--1483},
  year={2020},
  publisher={Oxford University Press}
}

@article{xiao2020monetary,
  title={Monetary transmission through shadow banks},
  author={Xiao, Kairong},
  journal={The Review of Financial Studies},
  volume={33},
  number={6},
  pages={2379--2420},
  year={2020},
  publisher={Oxford University Press}
}

@article{li2020runs,
  title={Runs and Interventions in the Time of COVID-19: Evidence from Money Funds},
  author={Li, Lei and Li, Yi and Macchiavelli, Marco and Zhou, Xing Alex},
  journal={Available at SSRN 3607593},
  year={2020}
}

@article{schmidt2016runs,
  title={Runs on money market mutual funds},
  author={Schmidt, Lawrence and Timmermann, Allan and Wermers, Russ},
  journal={American Economic Review},
  volume={106},
  number={9},
  pages={2625--57},
  year={2016}
}

@book{acharya2010regulating,
  title={Regulating Wall Street: The Dodd-Frank Act and the new architecture of global finance},
  author={Acharya, Viral V and Cooley, Thomas F and Richardson, Matthew P and Walter, Ingo and New York University Stern School of Business and Scholes, Myron},
  volume={608},
  year={2010},
  publisher={Wiley Hoboken, NJ}
}

@article{duchin2014safer,
  title={Safer ratios, riskier portfolios: Banks×³ response to government aid},
  author={Duchin, Ran and Sosyura, Denis},
  journal={Journal of Financial Economics},
  volume={113},
  number={1},
  pages={1--28},
  year={2014},
  publisher={Elsevier}
}

@article{chernenko2014frictions,
  title={Frictions in shadow banking: Evidence from the lending behavior of money market mutual funds},
  author={Chernenko, Sergey and Sunderam, Adi},
  journal={The Review of Financial Studies},
  volume={27},
  number={6},
  pages={1717--1750},
  year={2014},
  publisher={Oxford University Press}
}

@article{kacperczyk2013safe,
  title={How safe are money market funds?},
  author={Kacperczyk, Marcin and Schnabl, Philipp},
  journal={The Quarterly Journal of Economics},
  volume={128},
  number={3},
  pages={1073--1122},
  year={2013},
  publisher={Oxford University Press}
}

@article{hanson2015evaluation,
  title={An evaluation of money market fund reform proposals},
  author={Hanson, Samuel G and Scharfstein, David S and Sunderam, Adi},
  journal={IMF Economic Review},
  volume={63},
  number={4},
  pages={984--1023},
  year={2015},
  publisher={Springer}
}

@incollection{adrian2016shadow,
  title={Shadow banking: a review of the literature},
  author={Adrian, Tobias and Ashcraft, Adam B},
  booktitle={Banking crises},
  pages={282--315},
  year={2016},
  publisher={Springer}
}

@article{plantin2015shadow,
  title={Shadow banking and bank capital regulation},
  author={Plantin, Guillaume},
  journal={The Review of Financial Studies},
  volume={28},
  number={1},
  pages={146--175},
  year={2015},
  publisher={Oxford University Press}
}

@article{diamond1983bank,
  title={Bank runs, deposit insurance, and liquidity},
  author={Diamond, Douglas W and Dybvig, Philip H},
  journal={Journal of political economy},
  volume={91},
  number={3},
  pages={401--419},
  year={1983},
  publisher={The University of Chicago Press}
}

